<?xml version="1.0" encoding="UTF-8"?><record xmlns="http://www.loc.gov/MARC21/slim" xmlns:cinclude="http://apache.org/cocoon/include/1.0" xmlns:zs="http://www.loc.gov/zing/srw/">
  <leader>00438cz  a2200133n  4500</leader>
  <controlfield tag="001">nb 99134232 </controlfield>
  <controlfield tag="003">DLC</controlfield>
  <controlfield tag="005">20020523132529.0</controlfield>
  <controlfield tag="008">000509n| acannaabn          |n aaa     c</controlfield>
  <datafield tag="010" ind1=" " ind2=" ">
    <subfield code="a">nb 99134232 </subfield>
  </datafield>
  <datafield tag="040" ind1=" " ind2=" ">
    <subfield code="a">Uk</subfield>
    <subfield code="b">eng</subfield>
    <subfield code="c">Uk</subfield>
    <subfield code="d">DLC</subfield>
  </datafield>
  <datafield tag="100" ind1="1" ind2="0">
    <subfield code="a">Taylor, Rabun M.</subfield>
  </datafield>
  <datafield tag="670" ind1=" " ind2=" ">
    <subfield code="a">Life of the average Roman, 1999:</subfield>
    <subfield code="b">t.p. (Rabun M. Taylor)</subfield>
  </datafield>
  <datafield tag="670" ind1=" " ind2=" ">
    <subfield code="a">Roman builders, 2003:</subfield>
    <subfield code="b">CIP t.p. (Rabun M. Taylor) data sheet (b. 1/14/60) galley (Rabun McDowell Taylor)</subfield>
  </datafield>
</record>